
@article{jiang_xu_stringer_2018,
    title={Support Structures for Additive Manufacturing: A Review},
    volume={2},
    DOI={10.3390/jmmp2040064},
    number={4},
    journal={Journal of Manufacturing and Materials Processing},
    author={Jiang, Jingchao and Xu, Xun and Stringer, Jonathan},
    year={2018},
    pages={64}
}